@misc{plasmon-cpp,
  author={Westerhout, T.},
  title={Tools to calculate quantities related to plasmons in materials with no translational symmetry},
  year={2017},
  howpublished={\url{https://github.com/twesterhout/plasmon-cpp}}
}

@misc{tcm-swarm,
  author={Westerhout, T.},
  title={Code snippets for my maybe Masters thesis},
  year={2018},
  howpublished={\url{https://github.com/twesterhout/tcm-swarm}}
}

@misc{bachelor2017,
  author={Westerhout, T.},
  title={Plasmons in Fractals},
  year={2017},
  howpublished={\url{https://twesterhout.github.io/plasmon-cpp}}
}

@article{westerhout2018plasmon,
  title={Plasmon confinement in fractal quantum systems},
  author={Westerhout, Tom and van Veen, Edo and Katsnelson, Mikhail I and Yuan, Shengjun},
  journal={arXiv preprint arXiv:1801.06439},
  note={\url{https://arxiv.org/abs/1801.06439}},
  year={2018}
}

@misc{stl-algorithms,
  title={{STL} Algorithms},
  howpublished={\url{http://en.cppreference.com/w/cpp/algorithm}}
}

@misc{ranges-ts,
  title={Working Draft, {C++} Extensions for Ranges},
  author={Niebler, Eric and Carter, Casey},
  month={June},
  year={2017},
  howpublished={\url{http://open-std.org/jtc1/sc22/wg21/docs/papers/2017/n4671.pdf}}
}

@misc{boost-fusion,
  title={{Boost.Fusion}},
  author={de Guzman, Joel and Marsden, Dan and Schwinger, Tobias},
  howpublished={\url{https://github.com/boostorg/fusion}}
}

@misc{boost-hana,
  title={{Boost.Hana}},
  author={Dionne, Louis},
  howpublished={\url{https://github.com/boostorg/hana}}
}

@misc{ntkernel-error-category,
  title={\texttt{ntkernel-error-category}},
  author={Douglas, Niall},
  howpublished={\url{https://github.com/ned14/ntkernel-error-category}}
}

